@book{goetz2006java,
  title={Java concurrency in practice},
  author={Goetz, B. and Peierls, T.},
  isbn={9780321349606},
  lccn={20061220},
  url={https://books.google.it/books?id=6LpQAAAAMAAJ},
  year={2006},
  publisher={Addison-Wesley}
}
@book{tanenbaum2001modern,
  title={Modern Operating Systems},
  author={Tanenbaum, A.S.},
  isbn={9780130926418},
  lccn={00051666},
  series={Modern Operating Systems},
  url={https://books.google.it/books?id=uo1fQgAACAAJ},
  year={2001},
  publisher={Prentice Hall}
}
